<?xml version="1.0" encoding="UTF-8"?><collection xmlns="http://www.loc.gov/MARC21/slim"><record><leader>00583nam--2200169-i-4500</leader><controlfield tag="001">000003634</controlfield><controlfield tag="002">20161230</controlfield><controlfield tag="005">20170304151806</controlfield><controlfield tag="008">060222s1000------------r-----000-0-eng-d</controlfield><datafield ind1=" " ind2=" " tag="100"><subfield code="a">Cneazevschii, B. A</subfield></datafield><datafield ind1=" " ind2=" " tag="245"><subfield code="a">Alimentarea cu energie electrica a intreprinde rilor industriale. Traducere din limba rusa nu mai pentru documentare</subfield></datafield><datafield ind1=" " ind2=" " tag="260"><subfield code="a">(Bucuresti)</subfield><subfield code="b">Edit.Energ.De Stat</subfield><subfield code="c">1953</subfield></datafield><datafield ind1=" " ind2=" " tag="300"><subfield code="a">272 p.Cu Ilustr.+ 2 Tab</subfield></datafield><datafield ind1=" " ind2=" " tag="490"><subfield code="a">Ministerul Energiei Electrice Si Industriei Electrotehnnice</subfield></datafield><datafield ind1=" " ind2=" " tag="700"><subfield code="a">Fedorov, A. A</subfield></datafield><datafield ind1=" " ind2=" " tag="852"><subfield code="a">621.311.6:6</subfield></datafield><datafield ind1=" " ind2=" " tag="CAT"><subfield code="a">SYS</subfield><subfield code="c">20170304</subfield><subfield code="h">151806</subfield></datafield></record></collection>